<record xmlns='http://www.loc.gov/MARC21/slim'><leader>02399ntm a2200397 i 4500</leader><controlfield tag='001'>991058289754006011</controlfield><controlfield tag='005'>20220407114557.0</controlfield><controlfield tag='008'>220324q14251475fr  ap        000 0 eng d</controlfield><datafield ind1=' ' ind2=' ' tag='035'><subfield code='a'>(OCoLC)1305313328h</subfield></datafield><datafield ind1=' ' ind2=' ' tag='035'><subfield code='a'>(OCoLC)on1305313328h</subfield></datafield><datafield ind1=' ' ind2=' ' tag='040'><subfield code='a'>HRH</subfield><subfield code='b'>eng</subfield><subfield code='e'>dcrmmss</subfield><subfield code='c'>HRH</subfield></datafield><datafield ind1=' ' ind2=' ' tag='041'><subfield code='a'>lat</subfield></datafield><datafield ind1=' ' ind2=' ' tag='049'><subfield code='a'>HRHH</subfield></datafield><datafield ind1=' ' ind2='9' tag='099'><subfield code='a'>MS 3327, Container 4</subfield></datafield><datafield ind1='0' ind2='0' tag='245'><subfield code='a'>Book of hours, use of Paris</subfield><subfield code='k'>manuscript.</subfield></datafield><datafield ind1=' ' ind2='0' tag='264'><subfield code='a'>France (Paris?) ;</subfield><subfield code='c'>between 1425 and 1475</subfield></datafield><datafield ind1=' ' ind2=' ' tag='300'><subfield code='a'>142 leaves:</subfield><subfield code='b'>parchment, illustrations,</subfield><subfield code='c'>19 x 18 cm</subfield></datafield><datafield ind1=' ' ind2=' ' tag='500'><subfield code='a'>Title devised by cataloger.</subfield></datafield><datafield ind1=' ' ind2=' ' tag='500'><subfield code='a'>Decorated with thirteen full-page miniatures with borders, spray borders, and 1- to 4-line illuminated initials.</subfield></datafield><datafield ind1=' ' ind2=' ' tag='500'><subfield code='a'>Gothic textualis formata script; Layout is 14 long lines ruled in red ink.</subfield></datafield><datafield ind1=' ' ind2=' ' tag='506'><subfield code='a'>Restricted from reading room use due to condition; available for classroom use in exhibit case only.</subfield></datafield><datafield ind1=' ' ind2=' ' tag='581'><subfield code='a'>Keel, Karen Daphne. Stark Library, Manuscript Catholic Church 4. University of Texas at Austin: Thesis, 1970.</subfield></datafield><datafield ind1=' ' ind2=' ' tag='590'><subfield code='a'>MS 3327, Container 4: Acquired by the Ransom Center in 1963 with the Illuminated Manuscripts Collection from New York bookseller, Lew David Feldman (House of El Dieff). Available on RVR portal. DIDB Record Number: 3096. Binding: Full brown tanned goatskin over paper boards.  Pulled-over caps, tight back, smooth spine, cut-solid edges gilded, bookblock rounded. Gold-tooled frames on front and back covers and spine (no title). Sewn all-along on four tawed thongs, laced on boards.  Sewn endbands, blue and white thread over main and crowning gut cores, front bead.  Endleaf components: front   sewn parchment endleaf-hook fold making pastedown and stub; back - same.</subfield></datafield><datafield ind1=' ' ind2=' ' tag='590'><subfield code='a'>A digital surrogate of Ransom Center copy MS 3327, Container 4 is available through the Digital Scriptorium.</subfield></datafield><datafield ind1=' ' ind2='7' tag='655'><subfield code='a'>Books of hours.</subfield><subfield code='2'>rbgenr</subfield></datafield><datafield ind1=' ' ind2='7' tag='655'><subfield code='a'>Decorated initials.</subfield><subfield code='2'>aat</subfield></datafield><datafield ind1=' ' ind2='7' tag='655'><subfield code='a'>Illuminated manuscripts.</subfield><subfield code='2'>aat</subfield></datafield><datafield ind1=' ' ind2='7' tag='655'><subfield code='a'>Miniatures (paintings)</subfield><subfield code='2'>aat</subfield></datafield><datafield ind1='1' ind2=' ' tag='790'><subfield code='a'>Feldman, Lew David,</subfield><subfield code='e'>seller.</subfield></datafield><datafield ind1='2' ind2=' ' tag='791'><subfield code='a'>Medieval and Early Modern Manuscripts Collection.</subfield></datafield><datafield ind1=' ' ind2=' ' tag='752'><subfield code='a'>France,</subfield><subfield code='e'>producation place.</subfield></datafield><datafield ind1='4' ind2='0' tag='856'><subfield code='u'>http://ds.lib.berkeley.edu/HRC004_37</subfield><subfield code='y'>Digital copy for MS 3327, Container 4</subfield></datafield><datafield ind1=' ' ind2=' ' tag='945'><subfield code='a'>blw</subfield></datafield><datafield ind1='1' ind2=' ' tag='979'><subfield code='a'>Feldman, Lew David,</subfield><subfield code='e'>seller.</subfield></datafield><datafield ind1='2' ind2=' ' tag='979'><subfield code='a'>Medieval and Early Modern Manuscripts Collection.</subfield></datafield><datafield ind1=' ' ind2=' ' tag='994'><subfield code='a'>C0</subfield><subfield code='b'>HRH</subfield></datafield></record>
